<record><leader>00000cas a22000007a 4500</leader><controlfield tag="001">27015718</controlfield><controlfield tag="008">921123d18761878nyuwr ne      0    0eng d</controlfield><datafield ind1=" " ind2=" " tag="010"><subfield code="a">sn 92061914 </subfield></datafield><datafield ind1=" " ind2=" " tag="040"><subfield code="a">NYS</subfield><subfield code="b">eng</subfield><subfield code="c">NYS</subfield><subfield code="d">OCLCQ</subfield><subfield code="d">OCLCF</subfield><subfield code="d">OCLCO</subfield></datafield><datafield ind1=" " ind2=" " tag="042"><subfield code="a">msc</subfield></datafield><datafield ind1=" " ind2=" " tag="043"><subfield code="a">n-us-ny</subfield></datafield><datafield ind1="0" ind2="0" tag="245"><subfield code="a">Post and gazette.</subfield></datafield><datafield ind1="1" ind2="3" tag="246"><subfield code="a">Post &amp; gazette</subfield></datafield><datafield ind1=" " ind2=" " tag="260"><subfield code="a">Elizabethtown, Essex County, N.Y. :</subfield><subfield code="b">Lewis &amp; Milholland,</subfield><subfield code="c">-1878.</subfield></datafield><datafield ind1=" " ind2=" " tag="300"><subfield code="a">v. :</subfield><subfield code="b">ill.</subfield></datafield><datafield ind1=" " ind2=" " tag="310"><subfield code="a">Weekly</subfield></datafield><datafield ind1="1" ind2=" " tag="362"><subfield code="a">Began in Aug. 1876?</subfield></datafield><datafield ind1="0" ind2=" " tag="362"><subfield code="a">-v. 3, no. 19 (Dec. 26, 1878).</subfield></datafield><datafield ind1=" " ind2=" " tag="500"><subfield code="a">"Democratic."</subfield></datafield><datafield ind1=" " ind2=" " tag="500"><subfield code="a">Published on Thursday.</subfield></datafield><datafield ind1=" " ind2=" " tag="500"><subfield code="a">Editor: James McNeny, &lt;1876&gt;.</subfield></datafield><datafield ind1=" " ind2=" " tag="500"><subfield code="a">Published by: Alva M. Lewis, &lt;1877&gt;-1878.</subfield></datafield><datafield ind1=" " ind2=" " tag="515"><subfield code="a">Every issue is also called: whole no. post 1,296; and: whole no. gazette 12.</subfield></datafield><datafield ind1=" " ind2=" " tag="588"><subfield code="a">Description based on: Vol. 1, no. 4 (Sept. 14, 1876).</subfield></datafield><datafield ind1=" " ind2="0" tag="651"><subfield code="a">Elizabethtown (N.Y.)</subfield><subfield code="v">Newspapers.</subfield></datafield><datafield ind1=" " ind2="0" tag="651"><subfield code="a">Essex County (N.Y.)</subfield><subfield code="v">Newspapers.</subfield></datafield><datafield ind1=" " ind2="7" tag="655"><subfield code="a">Newspapers.</subfield><subfield code="2">fast</subfield><subfield code="0">(OCoLC)fst01423814</subfield></datafield><datafield ind1=" " ind2="7" tag="651"><subfield code="a">New York (State)</subfield><subfield code="z">Elizabethtown.</subfield><subfield code="2">fast</subfield><subfield code="0">(OCoLC)fst01273915</subfield></datafield><datafield ind1=" " ind2="7" tag="651"><subfield code="a">New York (State)</subfield><subfield code="z">Essex County.</subfield><subfield code="2">fast</subfield><subfield code="0">(OCoLC)fst01208119</subfield></datafield><datafield ind1=" " ind2=" " tag="752"><subfield code="a">United States</subfield><subfield code="b">New York</subfield><subfield code="c">Essex</subfield><subfield code="d">Elizabethtown.</subfield></datafield><datafield ind1="0" ind2="0" tag="780"><subfield code="t">Elizabethtown post (Elizabethtown, N.Y. : 1851)</subfield><subfield code="w">(DLC)sn 83030973</subfield><subfield code="w">(OCoLC)9723889</subfield></datafield><datafield ind1="0" ind2="0" tag="785"><subfield code="t">Elizabethtown post and gazette</subfield><subfield code="w">(DLC)sn 92061912</subfield><subfield code="w">(OCoLC)27014819</subfield></datafield></record>